@article{hartzell2020whiteness,
  title={Whiteness feels good here: interrogating white nationalist rhetoric on Stormfront},
  author={Hartzell, Stephanie L},
  journal={Communication and Critical/Cultural Studies},
  volume={17},
  number={2},
  pages={129--148},
  year={2020},
  publisher={Taylor \& Francis}
}

@article{tornberg2021wake,
	title={“WAKE-UP CALL FOR THE WHITE RACE”: HOW STORMFRONT FRAMED THE ELECTIONS OF OBAMA AND TRUMP},
	author={T{\"o}rnberg, Anton and T{\"o}rnberg, Petter},
	journal={Mobilization: An International Quarterly},
	volume={26},
	number={3},
	pages={285--302},
	year={2021}
}

@article{bowman2009exploring,
	title={Exploring “Stormfront”: A virtual community of the radical right},
	author={Bowman-Grieve, Lorraine},
	journal={Studies in conflict \& terrorism},
	volume={32},
	number={11},
	pages={989--1007},
	year={2009},
	publisher={Taylor \& Francis}
}

@article{de2008stormfront,
	title={‘STORMFRONT IS LIKE A SECOND HOME TO ME’ On virtual community formation by right-wing extremists},
	author={De Koster, Willem and Houtman, Dick},
	journal={Information, Communication \& Society},
	volume={11},
	number={8},
	pages={1155--1176},
	year={2008},
	publisher={Taylor \& Francis}
}

@article{meddaugh2009hate,
	title={Hate speech or “reasonable racism?” The other in Stormfront},
	author={Meddaugh, Priscilla Marie and Kay, Jack},
	journal={Journal of Mass Media Ethics},
	volume={24},
	number={4},
	pages={251--268},
	year={2009},
	publisher={Taylor \& Francis}
}

@incollection{caren2012social,
	title={A social movement online community: Stormfront and the white nationalist movement},
	author={Caren, Neal and Jowers, Kay and Gaby, Sarah},
	booktitle={Media, movements, and political change},
	year={2012},
	publisher={Emerald Group Publishing Limited}
}

@article{hartzell2020whiteness,
	title={Whiteness feels good here: interrogating white nationalist rhetoric on Stormfront},
	author={Hartzell, Stephanie L},
	journal={Communication and Critical/Cultural Studies},
	volume={17},
	number={2},
	pages={129--148},
	year={2020},
	publisher={Taylor \& Francis}
}

@article{bright2022individuals,
	title={How Do Individuals in a Radical Echo Chamber React to Opposing Views? Evidence from a Content Analysis of Stormfront},
	author={Bright, Jonathan and Marchal, Nahema and Ganesh, Bharath and Rudinac, Stevan},
	journal={Human Communication Research},
	volume={48},
	number={1},
	pages={116--145},
	year={2022},
	publisher={Oxford University Press}
}